@misc{ion_shell,
  author = {{\relax Ion Shell Developers}},
  title = "Ion Shell Respository",
  note = {(Accessed on: 2023-09-22)},
  howpublished = {[Online]. Available at: \url{
                  https://gitlab.redox-os.org/redox-os/ion}},
}

@misc{ion_shell_types,
  title = "Ion Shell Types",
  note = {(Accessed on: 2023-09-22)},
  howpublished = {[Online]. Available at: \url{
                  https://doc.redox-os.org/ion-manual/variables/00-variables.html
                  }},
  author = {{\relax Ion Shell Developers}},
}
    
@misc{ion_shell_online_manual,
  title = "Ion Online Manual",
  howpublished = {[Online]. Available at: \url{
                  https://doc.redox-os.org/ion-manual/ }},
  note = {(Accessed on: 2023-09-22)},
  author = {{\relax Ion Shell Developers}},
}

@misc{rust_testing_private_function,
  title = "Testing Private Functions",
  howpublished = {[Online]. Available at: \url{
                  https://doc.rust-lang.org/book/ch11-03-test-organization.html#
                  testing-private-functions }},
  note = {(Accessed on: 2023-09-22)},
  author = {{\relax Rust Developers}},
}

@misc{ion_shell_contributing,
  title = "Ion Shell Contributing Guide Lines",
  howpublished = {[Online]. Link to respository: \url{
                  https://gitlab.redox-os.org/redox-os/ion }},
  note = {(Local file path: CONTRIBUTING.md)},
  author = {{\relax Ion Shell Developers}},
}
    
@misc{ion_shell_subst_ion_test_out,
  title = "Subst expected code",
  howpublished = {[Online]. Link to respository: \url{
                  https://gitlab.redox-os.org/redox-os/ion }},
  note = {(Local file path: tests -> subst.out)},
  author = {{\relax Florian Naumann}},
}

@misc{pr_pipefail,
  title = "Pull request, feat: pipefail option makes pipe return error code if
           any non zero",
  howpublished = {[Online]. Available at: \url{
                  https://gitlab.redox-os.org/redox-os/ion/-/merge_requests/1261
                  }},
  note = {(Accessed on: 2023-09-22)},
  author = {{\relax Florian Naumann}},
}

@misc{pr_unsave_utf8_removal,
  title = "Pull request, fix: in terminator removed unsafe by expect on
           converting bytes into UTF8 str",
  howpublished = {[Online]. Available at: \url{
                  https://gitlab.redox-os.org/redox-os/ion/-/merge_requests/1260
                  }},
  note = {(Accessed on: 2023-09-22)},
  author = {{\relax Florian Naumann}},
}

@misc{pr_remove_not_needed_parameter,
  title = "Pull request, fix: Removed not needed parameter as builtin map for
           statement lexing ",
  howpublished = {[Online]. Available at: \url{
                  https://gitlab.redox-os.org/redox-os/ion/-/merge_requests/1259
                  }},
  note = {(Accessed on: 2023-09-22)},
  author = {{\relax Florian Naumann}},
}
@misc{pr_fix_warnings_deprecated_criterion_api,
  title = "Pull request, fix: fixed warning by replacing deprecated criterion
           API",
  howpublished = {[Online]. Available at: \url{
                  https://gitlab.redox-os.org/redox-os/ion/-/merge_requests/1258
                  }},
  note = {(Accessed on: 2023-09-22)},
  author = {{\relax Florian Naumann}},
}

@misc{pr_added_unit_test_let_grammar,
  title = "Pull request, fix: added unit test for let in grammar",
  howpublished = {[Online]. Available at: \url{
                  https://gitlab.redox-os.org/redox-os/ion/-/merge_requests/1257
                  }},
  note = {(Accessed on: 2023-09-22)},
  author = {{\relax Florian Naumann}},
}

@misc{pr_test_terminator_todos,
  title = "Pull request, feat: added test for terminator and todos about strange
           edge cases",
  howpublished = {[Online]. Available at: \url{
                  https://gitlab.redox-os.org/redox-os/ion/-/merge_requests/1256
                  }},
  note = {(Accessed on: 2023-09-22)},
  author = {{\relax Florian Naumann}},
}

@misc{pr_removed_redundant_termination,
  title = "Pull request, fix: removed redundant termination of input string",
  howpublished = {[Online]. Available at: \url{
                  https://gitlab.redox-os.org/redox-os/ion/-/merge_requests/1255
                  }},
  note = {(Accessed on: 2023-09-22)},
  author = {{\relax Florian Naumann}},
}

@misc{pr_moved_msrv_to_cargo,
  title = "Pull request, fix: removed redundant termination of input string",
  howpublished = {[Online]. Available at: \url{
                  https://gitlab.redox-os.org/redox-os/ion/-/merge_requests/1254}
                  },
  note = {(Accessed on: 2023-09-22)},
  author = {{\relax Florian Naumann}},
}

@misc{pr_better_not_found_variable_show,
  title = "Pull request, feat: not found variable error now shows name of not
           found variable",
  howpublished = {[Online]. Available at: \url{
                  https://gitlab.redox-os.org/redox-os/ion/-/merge_requests/1253}
                  },
  note = {(Accessed on: 2023-09-22)},
  author = {{\relax Florian Naumann}},
}

@misc{pr_error_message_shows_invalid_range,
  title = "Pull request, feat: invalid index/range and length of sequence are
           provided for out of bounds error messsage to end user.",
  howpublished = {[Online]. Available at: \url{
                  https://gitlab.redox-os.org/redox-os/ion/-/merge_requests/1252
                  }},
  note = {(Accessed on: 2023-09-22)},
  author = {{\relax Florian Naumann}},
}

@misc{pr_fix_space_before_first_paranthese,
  title = "Pull request, fix: spaces between 1. Variable and opening parentheses
           , ignored for variable",
  howpublished = {[Online]. Available at: \url{
                  https://gitlab.redox-os.org/redox-os/ion/-/merge_requests/1250
                  }},
  note = {(Accessed on: 2023-09-22)},
  author = {{\relax Florian Naumann}},
}

@misc{pr_man_history_included_ion_manual,
  title = "Pull request, fix: man of history builtin is included into ion manual
           ",
  howpublished = {[Online]. Available at: \url{
                  https://gitlab.redox-os.org/redox-os/ion/-/merge_requests/1247
                  }},
  note = {(Accessed on: 2023-09-22)},
  author = {{\relax Florian Naumann}},
}

@misc{pr_single_test_selectable,
  title = "Pull request, feat: single integration test is selectable",
  howpublished = {[Online]. Available at: \url{
                  https://gitlab.redox-os.org/redox-os/ion/-/merge_requests/1248
                  }},
  note = {(Accessed on: 2023-09-22)},
  author = {{\relax Florian Naumann}},
}

@misc{pr_docs_how_builtin_generated,
  title = "Pull request, docs: note about builtin.md is generated by make manual
           ",
  howpublished = {[Online]. Available at: \url{
                  https://gitlab.redox-os.org/redox-os/ion/-/merge_requests/1249
                  }},
  note = {(Accessed on: 2023-09-22)},
  author = {{\relax Florian Naumann}},
}

@misc{pr_docs_section_integraion_test,
  title = "Pull request, docs: added section on how to create integration tests
           and how they work",
  howpublished = {[Online]. Available at: \url{
                  https://gitlab.redox-os.org/redox-os/ion/-/merge_requests/1243
                  }},
  note = {(Accessed on: 2023-09-22)},
  author = {{\relax Florian Naumann}},
}
@misc{pr_removed_flag_undead_code,
  title = "Pull request, fix: removed not used flag field",
  howpublished = {[Online]. Available at: \url{
                  https://gitlab.redox-os.org/redox-os/ion/-/merge_requests/1244
                  }},
  note = {(Accessed on: 2023-09-22)},
  author = {{\relax Florian Naumann}},
}

@misc{pr_docs_commands_building_ion_manual,
  title = "Pull request, docs: adding commands to open manual in browser and
           removed not needed destination directory",
  howpublished = {[Online]. Available at: \url{
                  https://gitlab.redox-os.org/redox-os/ion/-/merge_requests/1245
                  }},
  note = {(Accessed on: 2023-09-22)},
  author = {{\relax Florian Naumann}},
}

@misc{pr_docs_fix_wrong_builtin_manual_section,
  title = "Pull request, fix: ignores always overwritten doc builtin file and
           fixes wrong formatting at generating doc builtin file",
  howpublished = {[Online]. Available at: \url{
                  https://gitlab.redox-os.org/redox-os/ion/-/merge_requests/1246
                  }},
  note = {(Accessed on: 2023-09-22)},
  author = {{\relax Florian Naumann}},
}

@misc{pr_docs_adjust_msrv_project,
  title = "Pull request, fix(version): adjusted other places for minimal used
           rust version to 1.56.0",
  howpublished = {[Online]. Available at: \url{
                  https://gitlab.redox-os.org/redox-os/ion/-/merge_requests/1241
                  }},
  note = {(Accessed on: 2023-09-22)},
  author = {{\relax Florian Naumann}},
}

@misc{pr_docs_ion_plugin,
  title = "Pull request, fix(version): adjusted other places for minimal used
           rust version to 1.56.0",
  howpublished = {[Online]. Available at: \url{
                  https://gitlab.redox-os.org/redox-os/ion/-/merge_requests/1240
                  }},
  note = {(Accessed on: 2023-09-22)},
  author = {{\relax Florian Naumann}},
}

@misc{pr_file_scheme,
  title = "Pull request, fix(redox): file: prefix does not break expansion in
           ion shell anymore",
  howpublished = {[Online]. Available at: \url{
                  https://gitlab.redox-os.org/redox-os/ion/-/merge_requests/1239
                  }},
  note = {(Accessed on: 2023-09-22)},
  author = {{\relax Florian Naumann}},
}

@misc{pr_subst_method,
  title = "Pull request, Implementation of subst method for arrays",
  howpublished = {[Online]. Available at: \url{
                  https://gitlab.redox-os.org/redox-os/ion/-/merge_requests/1238
                  }},
  note = {(Accessed on: 2023-09-22)},
  author = {{\relax Florian Naumann}},
}

@misc{pr_conf_partial_ci_fix,
  title = "Pull request, fix: partial CI fix and fix compiler error for make
           tests",
  howpublished = {[Online]. Available at: \url{
                  https://gitlab.redox-os.org/redox-os/ion/-/merge_requests/1237
                  }},
  note = {(Accessed on: 2023-09-22)},
  author = {{\relax Florian Naumann}},
}

@misc{pr_conf_overwritten_files,
  title = "Pull request, Pull request: removed always overwritten test file for
           git statging",
  howpublished = {[Online]. Available at: \url{
                  https://gitlab.redox-os.org/redox-os/ion/-/merge_requests/1236
                  }},
  note = {(Accessed on: 2023-09-22)},
  author = {{\relax Florian Naumann}},
}

@misc{pr_docs_update_community_links,
  title = "Pull request: removed always overwritten test file for git statging",
  howpublished = {[Online]. Available at: \url{
                  https://gitlab.redox-os.org/redox-os/ion/-/merge_requests/1235
                  }},
  note = {(Accessed on: 2023-09-22)},
  author = {{\relax Florian Naumann}},
}

@misc{pr_docs_init_file,
  author = {{\relax Florian Naumann}},
  title = "Pull request, docs: describes feature for executing commands at start
           via initrc",
  note = {(Accessed on: 2023-09-22)},
  howpublished = {[Online]. Available at: \url{
                  https://gitlab.redox-os.org/redox-os/ion/-/merge_requests/1234}
                  },
}


@misc{pr_docs_output_create_array,
  author = {{\relax Florian Naumann}},
  title = "Pull request, docs: Added missing echo output for create array in
           manual",
  note = {(Accessed on: 2023-09-22)},
  howpublished = {[Online]. Available at: \url{
                  https://gitlab.redox-os.org/redox-os/ion/-/merge_requests/1233}
                  },
}

@misc{issue_builtin_generation,
  author = {{\relax Florian Naumann}},
  title = "Issue, Locally generated builtin file for ion manual does not show a
           man page section for all builtins of ion.",
  note = {(Accessed on: 2023-09-22)},
  howpublished = {[Online]. Available at: \url{
                  https://gitlab.redox-os.org/redox-os/ion/-/issues/1029} },
}

@misc{issue_spaces_between_opening_parentheses,
  author = {{\relax Florian Naumann}},
  title = "Issue, Spaces between opening parentheses of method and 1. argument
           raises error",
  note = {(Accessed on: 2023-09-22)},
  howpublished = {[Online]. Available at: \url{
                  https://gitlab.redox-os.org/redox-os/ion/-/issues/1021} },
}

@misc{issue_subst_request,
  author = {{\relax Florian Naumann}},
  title = "Issue, Parameter Substitution on arrays",
  note = {(Accessed on: 2023-09-22)},
  howpublished = {[Online]. Available at: \url{
                  https://gitlab.redox-os.org/redox-os/ion/-/issues/1001} },
}

@misc{issue_ion_manual_not_updated,
  author = {{\relax Florian Naumann}},
  title = "Issue, Bug: ion manual is not updated automatically after a commit",
  note = {(Accessed on: 2023-09-22)},
  howpublished = {[Online]. Available at: \url{
                  https://gitlab.redox-os.org/redox-os/ion/-/issues/1019} },
}

@misc{issue_bug_test_not_compile,
  author = {{\relax Florian Naumann}},
  title = "Issue, Make tests does not compile with indented toolchain 1.53.0",
  note = {(Accessed on: 2023-09-22)},
  howpublished = {[Online]. Available at: \url{
                  https://gitlab.redox-os.org/redox-os/ion/-/issues/1018} },
}

@misc{issue_failing_ci,
  author = {{\relax Florian Naumann}},
  title = "Issue, Ci is broken with current base image redoxos/redoxer from
           docker hub. ",
  note = {(Accessed on: 2023-09-22)},
  howpublished = {[Online]. Available at: \url{
                  https://gitlab.redox-os.org/redox-os/ion/-/issues/1020} },
}

@misc{issue_ci_linux_stable_fail,
  author = {{\relax Florian Naumann}},
  title = "Issue, Job linux:stable fails with compile error in step make tests.
           ",
  note = {(Accessed on: 2023-09-22)},
  howpublished = {[Online]. Available at: \url{
                  https://gitlab.redox-os.org/redox-os/ion/-/issues/1027} },
}

@misc{issue_disk_scheme,
  author = {{\relax Florian Naumann}},
  title = "Issue, ion cannot handle wildcards containing scheme prefixes like
           disk:",
  note = {(Accessed on: 2023-09-22)},
  howpublished = {[Online]. Available at: \url{
                  https://gitlab.redox-os.org/redox-os/ion/-/issues/1025} },
}

@misc{issue_null_coalescing_operator,
  author = {{\relax Florian Naumann}},
  title = "Issue, null-coalescing operator",
  note = {(Accessed on: 2023-09-22)},
  howpublished = {[Online]. Available at: \url{
                  https://gitlab.redox-os.org/redox-os/ion/-/issues/1024}},
}

@misc{issue_ternary_operator_arrays_strings,
  author = {{\relax Florian Naumann}},
  title = "Issue, ternary operator for arrays/strings",
  note = {(Accessed on: 2023-09-22)},
  howpublished = {[Online]. Available at: \url{
                  https://gitlab.redox-os.org/redox-os/ion/-/issues/1023}},
}

@misc{issue_enrich_error_message_information,
  author = {{\relax Florian Naumann}},
  title = "Issue, Enrich error messages information where the error occurred",
  note = {(Accessed on: 2023-09-22)},
  howpublished = {[Online]. Available at: \url{
                  https://gitlab.redox-os.org/redox-os/ion/-/issues/1022}},
}

@misc{issue_request_new_docker_version,
  author = {{\relax Florian Naumann}},
  title = "Issue, Request of publishing new version redoxer on dockerhub",
  note = {(Accessed on: 2023-09-22)},
  howpublished = {[Online]. Available at: \url{
                  https://gitlab.redox-os.org/redox-os/redoxer/-/issues/7}},
}
@misc{issue_redoxer_exec_true,
  author = {{\relax Florian Naumann}},
  title = "Issue, Bug: Command redoxer exec true does not work on fedora",
  note = {(Accessed on: 2023-09-22)},
  howpublished = {[Online]. Available at: \url{
                  https://gitlab.redox-os.org/redox-os/redoxer/-/issues/8}},
}

@misc{pr_bump_fix_redoxer,
  author = {{\relax Florian Naumann}},
  title = "Pull request, Bumped version of redox installer and fixed compile
           install errors",
  note = {(Accessed on: 2023-09-22)},
  howpublished = {[Online]. Available at: \url{
                  https://gitlab.redox-os.org/redox-os/redoxer/-/merge_requests/9
                  }},
}

@misc{file_ref_execute_loop,
  author = {{\relax Florian Naumann}},
  title = "Build docker image of Redoxer and publish new version on dockerhub",
  note = {(Local file path: src -> lib -> shell -> flow.rs)},
  howpublished = {[Online]. Link to respository: \url{
                  https://gitlab.redox-os.org/redox-os/ion }},
}

@misc{link_repos_redoxer,
  author = {{\relax Redoxer Developers}},
  title = "Gitlab redoxer respository",
  note = {(Accessed on: 2023-09-22)},
  howpublished = {[Online]. Available at: \url{
                  https://gitlab.redox-os.org/redox-os/redoxer }},
}

@misc{pr_docs_how_to_integration_test,
  author = {{\relax Florian Naumann}},
  title = "Pull request, docs: added section on how to create integration tests
           and how they work",
  note = {(Accessed on: 2023-09-22)},
  howpublished = {[Online]. Available at: \url{
                  https://gitlab.redox-os.org/redox-os/ion/-/merge_requests/1243}
                  },
}


@misc{ion_manual_variable_expansion,
  author = {{\relax Ion Shell Developers}},
  title = "Variable Expansion",
  note = {(Accessed on: 2023-09-22)},
  howpublished = {[Online]. Available at: \url{
                  https://doc.redox-os.org/ion-manual/expansions/01-variable.html
                  } },
}

@misc{ion_manual_control_flow_if,
  author = {{\relax Ion Shell Developers}},
  title = "Ion Shell if",
  note = {(Accessed on: 2023-09-22)},
  howpublished = {[Online]. Available at: \url{
                  https://doc.redox-os.org/ion-manual/control/01-conditionals.html
                  } },
}
@misc{ion_manual_control_flow_loop,
  author = {{\relax Ion Shell Developers}},
  title = "Ion Shell loop",
  note = {(Accessed on: 2023-09-22)},
  howpublished = {[Online]. Available at: \url{
                  https://doc.redox-os.org/ion-manual/control/02-loops.html } },
}
@misc{ion_manual_control_flow_switch,
  author = {{\relax Ion Shell Developers}},
  title = "Ion Shell matches",
  note = {(Accessed on: 2023-09-22)},
  howpublished = {[Online]. Available at: \url{
                  https://doc.redox-os.org/ion-manual/control/03-matches.html } },
}

@misc{ion_manual_string_methods,
  author = {{\relax Ion Shell Developers}},
  title = "String methods in Ion Shell",
  note = {(Accessed on: 2023-09-22)},
  howpublished = {[Online]. Available at: \url{
                  https://doc.redox-os.org/ion-manual/expansions/06-stringmethods.html
                  } },
}
@misc{ion_manual_array_methods,
  author = {{\relax Ion Shell Developers}},
  title = "Arrays methods in Ion Shell",
  note = {(Accessed on: 2023-09-22)},
  howpublished = {[Online]. Available at: \url{
                  https://doc.redox-os.org/ion-manual/expansions/07-arraymethods.html
                  } },
}

@misc{mdBook,
  author = {{\relax mdBook Developers}},
  title = "mdBook repository",
  note = {(Accessed on: 2023-09-22)},
  howpublished = {[Online]. Available at: \url{
                  https://github.com/rust-lang/mdBook } },
}

@misc{ion_file_status,
  author = {{\relax Ion Shell Developers}},
  title = "Status struct within helper.rs file",
  note = {(Local file path: src -> lib -> builtins -> helpers.rs)},
  note = {(Accessed on: 2023-09-22)},
  howpublished = {[Online]. Available at: \url{
                  https://github.com/rust-lang/mdBook } },
}

@misc{issue_file_scheme,
  author = {{\relax Ron Williams}},
  title = "Issue, Status struct within helper.rs file",
  note = {(Accessed on: 2023-09-22)},
  howpublished = {[Online]. Available at: \url{
                  https://gitlab.redox-os.org/redox-os/redox/-/issues/1367}},
}
@misc{matrix_channel,
  author = {{\relax Redox os community}},
  title = "Matrix server of Redox Os community",
  note = {(Accessed on: 2023-09-22)},
  howpublished = {[Online]. Available at: \url{
                  https://matrix.to/#/#redox:matrix.org } },
}
@misc{docker_hub_redoxer,
  author = {{\relax Redox Os community}},
  title = "Docker Hub page of redoxer docker image",
  note = {(Local file path: src -> lib -> builtins -> helpers.rs)},
  note = {(Accessed on: 2023-09-22)},
  howpublished = {[Online]. Available at: \url{
                  https://hub.docker.com/r/redoxos/redoxer}},
}

@misc{ion_manual_instroduction,
  author = {{\relax Ion shell Developers}},
  title = "Ion shell instroduction",
  note = {(Local file path: src -> lib -> builtins -> helpers.rs)},
  note = {(Accessed on: 2023-09-22)},
  howpublished = {[Online]. Available at: \url{
                  https://doc.redox-os.org/ion-manual/introduction.html }},
}

@misc{redox_os_book,
  author = {{\relax Redox OS community}},
  title = "Redox os book",
  note = {(Accessed on: 2023-09-22)},
  howpublished = {[Online]. Available at: \url{ https://doc.redox-os.org/book/ }
                  },
}

@misc{redox_pr_guideline,
  author = {{\relax Redox OS community}},
  title = "Creating Proper Pull Requests in Redox Os",
  note = {(Accessed on: 2023-09-22)},
  howpublished = {[Online]. Available at: \url{
                  https://doc.redox-os.org/book/ch12-04-creating-proper-pull-requests.html
                  }},
}

@misc{pr_ion_shell_global_alias,
  author = {{\relax Timofey Prodanov}},
  title = "Pull request, Make aliases global",
  note = {(Accessed on: 2023-09-22)},
  howpublished = {[Online]. Available at: \url{
                  https://gitlab.redox-os.org/redox-os/ion/-/merge_requests/1242
                  }},
}

@misc{issue_convert_make_files_to_xtask,
  author = {{\relax Florian Naumann}},
  title = "Issue, Issue, roposal: Convert MakeFiles and bash scripts into rust
           via xtask convention",
  note = {(Accessed on: 2023-09-22)},
  howpublished = {[Online]. Available at: \url{
                  https://gitlab.redox-os.org/redox-os/ion/-/issues/1030 }},
}

@misc{repos_cargo_xtask,
  author = {{\relax cargo-xtask Authors}},
  title = "Respository of cargo-xtask",
  note = {(Accessed on: 2023-09-22)},
  howpublished = {[Online]. Available at: \url{
                  https://github.com/matklad/cargo-xtask }},
}

@misc{pr_still_opened_cargo_xtask,
  title = "Pull request, feat: phase one, converted simple make rules into bash
           scripts",
  howpublished = {[Online]. Available at: \url{
                  https://gitlab.redox-os.org/redox-os/ion/-/merge_requests/1251
                  }},
  note = {(Accessed on: 2023-09-22)},
  author = {{\relax Florian Naumann}},
}
